\usepackage{url}

@conference{recency_ranking,
  author={Dong Anlei and Ruiqiang Zhang and Pranam Kolari and Jing Bai and Fernando Diaz and Yi Chang and Zhaohui Zheng and Hongyuan Zha},
  title="Time of the essence: Improving Recency Ranking Using Twitter Data",
  year="2010",
  journal="Proceedings of the 19th International Conference on World Wide Web"
}

@conference{twitter_semantics,
  author="Michael Welch and Uri Schonfeld and Dan He and Junghoo Cho",
  title="Topical Semantics of Twitter Links",
  journal="Proceedings of the 4th ACM International Conference on Web Search and Data Mining (WSDM)",
  month="February",
  year="2011"
}

@conference{microblog_ranking,
  author="Rinkesh Nagmoti and Ankur Teredesai and Martine de Cook",
  title="Ranking Approaches for Microblog Search",
  year="2010",
  conference="IEEE/WIC/ACM International Conference of Web Intelligence and Intelligent Agent Technology"
}

@conference{rank_of_tweets,
  author="Yajuan Duan and Long Jiang and Tao Qin and Ming Zhou and Hueng-Yeung Shum",
  title="An Empirical Study on Learning to Rank of Tweets",
  journal="Proceedings of the 23rd International Conference on Computational Linguistics",
  year="2010"
}

@conference{page_rank,
  author="Sergey Brin and Lawrence Page",
  title="The Anatomy of a Large-Scale Hypertextual Web Search Engine",
  journal="WWW",
  year="1998"
}

@techreport{trust_rank,
  month = {March},
  author = {Zoltan Gyongyi and Hector Garcia-Molina and Jan Pedersen},
  title = {Combating Web Spam with TrustRank},
  year = {2004},
  url = {http://ilpubs.stanford.edu:8090/638/}
}

@misc{twitrank,
  author="Nitin Dhar",
  title="TwitRank: Extracting and Ranking Relevant Tweets For News Events",
  url="http://coding-sense.blogspot.com/2011/05/twitrank-extracting-and-ranking.html",
  month="May",
  year="2011"
}

@misc{swear_words,
  author="Matt Facer",
  title="Swear Filter",
  howpublished={\url{http://www.mattfacer.com/swear-filter/}}
}

@misc{bad_words,
  author="Alejandro Urbano",
  title="Bad Words List",
  howpublished={\url{http://urbanoalvarez.es/blog/2008/04/04/bad-words-list/}}
}

@misc{twitter_api,
  title="Twitter API",
  howpublished={\url{http://dev.twitter.com}}
}
